
@article{LSSTSciBook,
      author         = "Abell, Paul A. and others",
      title          = "{LSST Science Book, Version 2.0}",
      collaboration  = "LSST Science Collaborations, LSST Project",
      year           = "2009",
      eprint         = "0912.0201",
      archivePrefix  = "arXiv",
      primaryClass   = "astro-ph.IM",
      reportNumber   = "FERMILAB-TM-2495-A",
      SLACcitation   = "%%CITATION = ARXIV:0912.0201;%%",
}
