
@ARTICLE{LSSTSciBook,
   author = {{LSST Science Collaboration} and {Abell}, P.~A. and {Allison}, J. and 
  {Anderson}, S.~F. and {Andrew}, J.~R. and {Angel}, J.~R.~P. and 
  {Armus}, L. and {Arnett}, D. and {Asztalos}, S.~J. and {Axelrod}, T.~S. and et al.},
    title = "{LSST Science Book, Version 2.0}",
  journal = {ArXiv e-prints},
archivePrefix = "arXiv",
   eprint = {0912.0201},
 primaryClass = "astro-ph.IM",
 keywords = {Astrophysics - Instrumentation and Methods for Astrophysics, Astrophysics - Cosmology and Extragalactic Astrophysics, Astrophysics - Earth and Planetary Astrophysics, Astrophysics - Galaxy Astrophysics, Astrophysics - Solar and Stellar Astrophysics},
     year = 2009,
    month = dec,
   adsurl = {http://adsabs.harvard.edu/abs/2009arXiv0912.0201L},
  adsnote = {Provided by the SAO/NASA Astrophysics Data System}
}

%AAAAAAAAAAA
@ARTICLE{abraham2003a,
   author = {{Abraham}, R.~G. and {van den Bergh}, S. and {Nair}, P.},
    title = "{A New Approach to Galaxy Morphology. I. Analysis of the Sloan Digital Sky Survey Early Data Release}",
  journal = {\apj},
   eprint = {astro-ph/0301239},
 keywords = {Galaxies: Evolution, Galaxies: Fundamental Parameters},
     year = 2003,
    month = may,
   volume = 588,
    pages = {218-229},
      doi = {10.1086/373919},
   adsurl = {http://adsabs.harvard.edu/abs/2003ApJ...588..218A},
  adsnote = {Provided by the SAO/NASA Astrophysics Data System}
}
@ARTICLE{abraham2014a,
   author = {{Abraham}, R.~G. and {van Dokkum}, P.~G.},
    title = "{Ultra--Low Surface Brightness Imaging with the Dragonfly Telephoto Array}",
  journal = {\pasp},
archivePrefix = "arXiv",
   eprint = {1401.5473},
 primaryClass = "astro-ph.IM",
 keywords = {Astronomical Instrumentation},
     year = 2014,
    month = jan,
   volume = 126,
    pages = {55-69},
      doi = {10.1086/674875},
   adsurl = {http://adsabs.harvard.edu/abs/2014PASP..126...55A},
  adsnote = {Provided by the SAO/NASA Astrophysics Data System}
}
%BBBBBBBBBBB
@ARTICLE{bullock2005a,
   author = {{Bullock}, J.~S. and {Johnston}, K.~V.},
    title = "{Tracing Galaxy Formation with Stellar Halos. I. Methods}",
  journal = {\apj},
   eprint = {astro-ph/0506467},
 keywords = {Cosmology: Dark Matter, Galaxies: Dwarf, Galaxies: Evolution, Galaxies: Formation, Galaxies: Halos, Galaxies: Kinematics and Dynamics, Galaxy: Evolution, Galaxy: Formation, Galaxy: Halo, Galaxy: Kinematics and Dynamics, Galaxies: Local Group},
     year = 2005,
    month = dec,
   volume = 635,
    pages = {931-949},
      doi = {10.1086/497422},
   adsurl = {http://adsabs.harvard.edu/abs/2005ApJ...635..931B},
  adsnote = {Provided by the SAO/NASA Astrophysics Data System}
}
%CCCCCCCCCCC
@ARTICLE{conselice2003a,
   author = {{Conselice}, C.~J. and {Bershady}, M.~A. and {Dickinson}, M. and 
  {Papovich}, C.},
    title = "{A Direct Measurement of Major Galaxy Mergers at z{\lt}\~{}3}",
  journal = {\aj},
   eprint = {astro-ph/0306106},
 keywords = {Galaxies: Evolution, Galaxies: Formation, Galaxies: Interactions},
     year = 2003,
    month = sep,
   volume = 126,
    pages = {1183-1207},
      doi = {10.1086/377318},
   adsurl = {http://adsabs.harvard.edu/abs/2003AJ....126.1183C},
  adsnote = {Provided by the SAO/NASA Astrophysics Data System}
}
%FFFFFFFFFFF
@ARTICLE{flaugher2005a,
   author = {{Flaugher}, B.},
    title = "{The Dark Energy Survey}",
  journal = {International Journal of Modern Physics A},
 keywords = {Dark energy, galaxies, supernovae},
     year = 2005,
   volume = 20,
    pages = {3121-3123},
      doi = {10.1142/S0217751X05025917},
   adsurl = {http://adsabs.harvard.edu/abs/2005IJMPA..20.3121F},
  adsnote = {Provided by the SAO/NASA Astrophysics Data System}
}
%GGGGGGGGGGG
@ARTICLE{grogin2011a,
   author = {{Grogin}, N.~A. and {Kocevski}, D.~D. and {Faber}, S.~M. and 
  {Ferguson}, H.~C. and {Koekemoer}, A.~M. and {Riess}, A.~G. and 
  {Acquaviva}, V. and {Alexander}, D.~M. and {Almaini}, O. and 
  {Ashby}, M.~L.~N. and {Barden}, M. and {Bell}, E.~F. and {Bournaud}, F. and 
  {Brown}, T.~M. and {Caputi}, K.~I. and {Casertano}, S. and {Cassata}, P. and 
  {Castellano}, M. and {Challis}, P. and {Chary}, R.-R. and {Cheung}, E. and 
  {Cirasuolo}, M. and {Conselice}, C.~J. and {Roshan Cooray}, A. and 
  {Croton}, D.~J. and {Daddi}, E. and {Dahlen}, T. and {Dav{\'e}}, R. and 
  {de Mello}, D.~F. and {Dekel}, A. and {Dickinson}, M. and {Dolch}, T. and 
  {Donley}, J.~L. and {Dunlop}, J.~S. and {Dutton}, A.~A. and 
  {Elbaz}, D. and {Fazio}, G.~G. and {Filippenko}, A.~V. and {Finkelstein}, S.~L. and 
  {Fontana}, A. and {Gardner}, J.~P. and {Garnavich}, P.~M. and 
  {Gawiser}, E. and {Giavalisco}, M. and {Grazian}, A. and {Guo}, Y. and 
  {Hathi}, N.~P. and {H{\"a}ussler}, B. and {Hopkins}, P.~F. and 
  {Huang}, J.-S. and {Huang}, K.-H. and {Jha}, S.~W. and {Kartaltepe}, J.~S. and 
  {Kirshner}, R.~P. and {Koo}, D.~C. and {Lai}, K. and {Lee}, K.-S. and 
  {Li}, W. and {Lotz}, J.~M. and {Lucas}, R.~A. and {Madau}, P. and 
  {McCarthy}, P.~J. and {McGrath}, E.~J. and {McIntosh}, D.~H. and 
  {McLure}, R.~J. and {Mobasher}, B. and {Moustakas}, L.~A. and 
  {Mozena}, M. and {Nandra}, K. and {Newman}, J.~A. and {Niemi}, S.-M. and 
  {Noeske}, K.~G. and {Papovich}, C.~J. and {Pentericci}, L. and 
  {Pope}, A. and {Primack}, J.~R. and {Rajan}, A. and {Ravindranath}, S. and 
  {Reddy}, N.~A. and {Renzini}, A. and {Rix}, H.-W. and {Robaina}, A.~R. and 
  {Rodney}, S.~A. and {Rosario}, D.~J. and {Rosati}, P. and {Salimbeni}, S. and 
  {Scarlata}, C. and {Siana}, B. and {Simard}, L. and {Smidt}, J. and 
  {Somerville}, R.~S. and {Spinrad}, H. and {Straughn}, A.~N. and 
  {Strolger}, L.-G. and {Telford}, O. and {Teplitz}, H.~I. and 
  {Trump}, J.~R. and {van der Wel}, A. and {Villforth}, C. and 
  {Wechsler}, R.~H. and {Weiner}, B.~J. and {Wiklind}, T. and 
  {Wild}, V. and {Wilson}, G. and {Wuyts}, S. and {Yan}, H.-J. and 
  {Yun}, M.~S.},
    title = "{CANDELS: The Cosmic Assembly Near-infrared Deep Extragalactic Legacy Survey}",
  journal = {\apjs},
archivePrefix = "arXiv",
   eprint = {1105.3753},
 primaryClass = "astro-ph.CO",
 keywords = {cosmology: observations, galaxies: high-redshift},
     year = 2011,
    month = dec,
   volume = 197,
      eid = {35},
    pages = {35},
      doi = {10.1088/0067-0049/197/2/35},
   adsurl = {http://adsabs.harvard.edu/abs/2011ApJS..197...35G},
  adsnote = {Provided by the SAO/NASA Astrophysics Data System}
}
%JJJJJJJJJJJ
@ARTICLE{johnston2008a,
   author = {{Johnston}, K.~V. and {Bullock}, J.~S. and {Sharma}, S. and 
  {Font}, A. and {Robertson}, B.~E. and {Leitner}, S.~N.},
    title = "{Tracing Galaxy Formation with Stellar Halos. II. Relating Substructure in Phase and Abundance Space to Accretion Histories}",
  journal = {\apj},
archivePrefix = "arXiv",
   eprint = {0807.3911},
 keywords = {Cosmology: Dark Matter, Galaxies: Dwarf, Galaxies: Evolution, Galaxies: Formation, Galaxies: Halos, Galaxies: Kinematics and Dynamics, Galaxy: Evolution, Galaxy: Formation, Galaxy: Halo, Galaxy: Kinematics and Dynamics, Galaxies: Local Group},
     year = 2008,
    month = dec,
   volume = 689,
    pages = {936-957},
      doi = {10.1086/592228},
   adsurl = {http://adsabs.harvard.edu/abs/2008ApJ...689..936J},
  adsnote = {Provided by the SAO/NASA Astrophysics Data System}
}
%KKKKKKKKKKK
@INPROCEEDINGS{kaiser2010a,
   author = {{Kaiser}, N. and {Burgett}, W. and {Chambers}, K. and {Denneau}, L. and 
  {Heasley}, J. and {Jedicke}, R. and {Magnier}, E. and {Morgan}, J. and 
  {Onaka}, P. and {Tonry}, J.},
    title = "{The Pan-STARRS wide-field optical/NIR imaging survey}",
booktitle = {Society of Photo-Optical Instrumentation Engineers (SPIE) Conference Series},
     year = 2010,
   series = {Society of Photo-Optical Instrumentation Engineers (SPIE) Conference Series},
   volume = 7733,
    month = jul,
      eid = {77330E},
    pages = {0},
      doi = {10.1117/12.859188},
   adsurl = {http://adsabs.harvard.edu/abs/2010SPIE.7733E..0EK},
  adsnote = {Provided by the SAO/NASA Astrophysics Data System}
}
@ARTICLE{kartaltepe2007a,
   author = {{Kartaltepe}, J.~S. and {Sanders}, D.~B. and {Scoville}, N.~Z. and 
  {Calzetti}, D. and {Capak}, P. and {Koekemoer}, A. and {Mobasher}, B. and 
  {Murayama}, T. and {Salvato}, M. and {Sasaki}, S.~S. and {Taniguchi}, Y.
  },
    title = "{Evolution of the Frequency of Luminous ({\gt}=L$^{*}$$_{V}$) Close Galaxy Pairs at z {\lt} 1.2 in the COSMOS Field}",
  journal = {\apjs},
archivePrefix = "arXiv",
   eprint = {0705.2266},
 keywords = {Cosmology: Observations, Galaxies: Evolution, Galaxies: Formation, Galaxies: Interactions, Cosmology: Large-Scale Structure of Universe, Surveys},
     year = 2007,
    month = sep,
   volume = 172,
    pages = {320-328},
      doi = {10.1086/519953},
   adsurl = {http://adsabs.harvard.edu/abs/2007ApJS..172..320K},
  adsnote = {Provided by the SAO/NASA Astrophysics Data System}
}
@ARTICLE{koekemoer2011a,
   author = {{Koekemoer}, A.~M. and {Faber}, S.~M. and {Ferguson}, H.~C. and 
  {Grogin}, N.~A. and {Kocevski}, D.~D. and {Koo}, D.~C. and {Lai}, K. and 
  {Lotz}, J.~M. and {Lucas}, R.~A. and {McGrath}, E.~J. and {Ogaz}, S. and 
  {Rajan}, A. and {Riess}, A.~G. and {Rodney}, S.~A. and {Strolger}, L. and 
  {Casertano}, S. and {Castellano}, M. and {Dahlen}, T. and {Dickinson}, M. and 
  {Dolch}, T. and {Fontana}, A. and {Giavalisco}, M. and {Grazian}, A. and 
  {Guo}, Y. and {Hathi}, N.~P. and {Huang}, K.-H. and {van der Wel}, A. and 
  {Yan}, H.-J. and {Acquaviva}, V. and {Alexander}, D.~M. and 
  {Almaini}, O. and {Ashby}, M.~L.~N. and {Barden}, M. and {Bell}, E.~F. and 
  {Bournaud}, F. and {Brown}, T.~M. and {Caputi}, K.~I. and {Cassata}, P. and 
  {Challis}, P.~J. and {Chary}, R.-R. and {Cheung}, E. and {Cirasuolo}, M. and 
  {Conselice}, C.~J. and {Roshan Cooray}, A. and {Croton}, D.~J. and 
  {Daddi}, E. and {Dav{\'e}}, R. and {de Mello}, D.~F. and {de Ravel}, L. and 
  {Dekel}, A. and {Donley}, J.~L. and {Dunlop}, J.~S. and {Dutton}, A.~A. and 
  {Elbaz}, D. and {Fazio}, G.~G. and {Filippenko}, A.~V. and {Finkelstein}, S.~L. and 
  {Frazer}, C. and {Gardner}, J.~P. and {Garnavich}, P.~M. and 
  {Gawiser}, E. and {Gruetzbauch}, R. and {Hartley}, W.~G. and 
  {H{\"a}ussler}, B. and {Herrington}, J. and {Hopkins}, P.~F. and 
  {Huang}, J.-S. and {Jha}, S.~W. and {Johnson}, A. and {Kartaltepe}, J.~S. and 
  {Khostovan}, A.~A. and {Kirshner}, R.~P. and {Lani}, C. and 
  {Lee}, K.-S. and {Li}, W. and {Madau}, P. and {McCarthy}, P.~J. and 
  {McIntosh}, D.~H. and {McLure}, R.~J. and {McPartland}, C. and 
  {Mobasher}, B. and {Moreira}, H. and {Mortlock}, A. and {Moustakas}, L.~A. and 
  {Mozena}, M. and {Nandra}, K. and {Newman}, J.~A. and {Nielsen}, J.~L. and 
  {Niemi}, S. and {Noeske}, K.~G. and {Papovich}, C.~J. and {Pentericci}, L. and 
  {Pope}, A. and {Primack}, J.~R. and {Ravindranath}, S. and {Reddy}, N.~A. and 
  {Renzini}, A. and {Rix}, H.-W. and {Robaina}, A.~R. and {Rosario}, D.~J. and 
  {Rosati}, P. and {Salimbeni}, S. and {Scarlata}, C. and {Siana}, B. and 
  {Simard}, L. and {Smidt}, J. and {Snyder}, D. and {Somerville}, R.~S. and 
  {Spinrad}, H. and {Straughn}, A.~N. and {Telford}, O. and {Teplitz}, H.~I. and 
  {Trump}, J.~R. and {Vargas}, C. and {Villforth}, C. and {Wagner}, C.~R. and 
  {Wandro}, P. and {Wechsler}, R.~H. and {Weiner}, B.~J. and {Wiklind}, T. and 
  {Wild}, V. and {Wilson}, G. and {Wuyts}, S. and {Yun}, M.~S.
  },
    title = "{CANDELS: The Cosmic Assembly Near-infrared Deep Extragalactic Legacy Survey{\mdash}The Hubble Space Telescope Observations, Imaging Data Products, and Mosaics}",
  journal = {\apjs},
archivePrefix = "arXiv",
   eprint = {1105.3754},
 primaryClass = "astro-ph.CO",
 keywords = {cosmology: observations, galaxies: high-redshift},
     year = 2011,
    month = dec,
   volume = 197,
      eid = {36},
    pages = {36},
      doi = {10.1088/0067-0049/197/2/36},
   adsurl = {http://adsabs.harvard.edu/abs/2011ApJS..197...36K},
  adsnote = {Provided by the SAO/NASA Astrophysics Data System}
}
%HHHHHHHHHHH
@ARTICLE{heckman2005a,
   author = {{Heckman}, T.~M. and {Hoopes}, C.~G. and {Seibert}, M. and {Martin}, D.~C. and 
  {Salim}, S. and {Rich}, R.~M. and {Kauffmann}, G. and {Charlot}, S. and 
  {Barlow}, T.~A. and {Bianchi}, L. and {Byun}, Y.-I. and {Donas}, J. and 
  {Forster}, K. and {Friedman}, P.~G. and {Jelinsky}, P.~N. and 
  {Lee}, Y.-W. and {Madore}, B.~F. and {Malina}, R.~F. and {Milliard}, B. and 
  {Morrissey}, P.~F. and {Neff}, S.~G. and {Schiminovich}, D. and 
  {Siegmund}, O.~H.~W. and {Small}, T. and {Szalay}, A.~S. and 
  {Welsh}, B.~Y. and {Wyder}, T.~K.},
    title = "{The Properties of Ultraviolet-luminous Galaxies at the Current Epoch}",
  journal = {\apjl},
   eprint = {astro-ph/0412577},
 keywords = {Galaxies: Evolution, Galaxies: General, Galaxies: Starburst, Ultraviolet: Galaxies},
     year = 2005,
    month = jan,
   volume = 619,
    pages = {L35-L38},
      doi = {10.1086/425979},
   adsurl = {http://adsabs.harvard.edu/abs/2005ApJ...619L..35H},
  adsnote = {Provided by the SAO/NASA Astrophysics Data System}
}
%LLLLLLLLLLL
@ARTICLE{lin2008a,
   author = {{Lin}, L. and {Patton}, D.~R. and {Koo}, D.~C. and {Casteels}, K. and 
  {Conselice}, C.~J. and {Faber}, S.~M. and {Lotz}, J. and {Willmer}, C.~N.~A. and 
  {Hsieh}, B.~C. and {Chiueh}, T. and {Newman}, J.~A. and {Novak}, G.~S. and 
  {Weiner}, B.~J. and {Cooper}, M.~C.},
    title = "{The Redshift Evolution of Wet, Dry, and Mixed Galaxy Mergers from Close Galaxy Pairs in the DEEP2 Galaxy Redshift Survey}",
  journal = {\apj},
archivePrefix = "arXiv",
   eprint = {0802.3004},
 keywords = {Galaxies: Evolution, Galaxies: Interactions, Cosmology: Large-Scale Structure of Universe},
     year = 2008,
    month = jul,
   volume = 681,
    pages = {232-243},
      doi = {10.1086/587928},
   adsurl = {http://adsabs.harvard.edu/abs/2008ApJ...681..232L},
  adsnote = {Provided by the SAO/NASA Astrophysics Data System}
}
@ARTICLE{lotz2004a,
   author = {{Lotz}, J.~M. and {Primack}, J. and {Madau}, P.},
    title = "{A New Nonparametric Approach to Galaxy Morphological Classification}",
  journal = {\aj},
   eprint = {astro-ph/0311352},
 keywords = {Galaxies: Fundamental Parameters, Galaxies: High-Redshift, Galaxies: Peculiar, Galaxies: Structure},
     year = 2004,
    month = jul,
   volume = 128,
    pages = {163-182},
      doi = {10.1086/421849},
   adsurl = {http://adsabs.harvard.edu/abs/2004AJ....128..163L},
  adsnote = {Provided by the SAO/NASA Astrophysics Data System}
}
@ARTICLE{lotz2008a,
   author = {{Lotz}, J.~M. and {Davis}, M. and {Faber}, S.~M. and {Guhathakurta}, P. and 
  {Gwyn}, S. and {Huang}, J. and {Koo}, D.~C. and {Le Floc'h}, E. and 
  {Lin}, L. and {Newman}, J. and {Noeske}, K. and {Papovich}, C. and 
  {Willmer}, C.~N.~A. and {Coil}, A. and {Conselice}, C.~J. and 
  {Cooper}, M. and {Hopkins}, A.~M. and {Metevier}, A. and {Primack}, J. and 
  {Rieke}, G. and {Weiner}, B.~J.},
    title = "{The Evolution of Galaxy Mergers and Morphology at z {\lt} 1.2 in the Extended Groth Strip}",
  journal = {\apj},
   eprint = {astro-ph/0602088},
 keywords = {Galaxies: Evolution, Galaxies: High-Redshift, Galaxies: Interactions, Galaxies: Structure},
     year = 2008,
    month = jan,
   volume = 672,
    pages = {177-197},
      doi = {10.1086/523659},
   adsurl = {http://adsabs.harvard.edu/abs/2008ApJ...672..177L},
  adsnote = {Provided by the SAO/NASA Astrophysics Data System}
}

%MMMMMMMMMMM
@ARTICLE{madau2014a,
   author = {{Madau}, P. and {Dickinson}, M.},
    title = "{Cosmic Star-Formation History}",
  journal = {\araa},
archivePrefix = "arXiv",
   eprint = {1403.0007},
     year = 2014,
    month = aug,
   volume = 52,
    pages = {415-486},
      doi = {10.1146/annurev-astro-081811-125615},
   adsurl = {http://adsabs.harvard.edu/abs/2014ARA%26A..52..415M},
  adsnote = {Provided by the SAO/NASA Astrophysics Data System}
}
@ARTICLE{martinez-delgado2008a,
   author = {{Mart{\'{\i}}nez-Delgado}, D. and {Pe{\~n}arrubia}, J. and {Gabany}, R.~J. and 
  {Trujillo}, I. and {Majewski}, S.~R. and {Pohlen}, M.},
    title = "{The Ghost of a Dwarf Galaxy: Fossils of the Hierarchical Formation of the Nearby Spiral Galaxy NGC 5907}",
  journal = {\apj},
archivePrefix = "arXiv",
   eprint = {0805.1137},
 keywords = {Cosmology: Dark Matter, Galaxies: Dwarf, Galaxies: Evolution, Galaxies: Halos, Galaxies: Individual: NGC Number: NGC 5907, Galaxies: Interactions},
     year = 2008,
    month = dec,
   volume = 689,
    pages = {184-193},
      doi = {10.1086/592555},
   adsurl = {http://adsabs.harvard.edu/abs/2008ApJ...689..184M},
  adsnote = {Provided by the SAO/NASA Astrophysics Data System}
}
@INPROCEEDINGS{miyazaki2012a,
   author = {{Miyazaki}, S. and {Komiyama}, Y. and {Nakaya}, H. and {Kamata}, Y. and 
  {Doi}, Y. and {Hamana}, T. and {Karoji}, H. and {Furusawa}, H. and 
  {Kawanomoto}, S. and {Morokuma}, T. and {Ishizuka}, Y. and {Nariai}, K. and 
  {Tanaka}, Y. and {Uraguchi}, F. and {Utsumi}, Y. and {Obuchi}, Y. and 
  {Okura}, Y. and {Oguri}, M. and {Takata}, T. and {Tomono}, D. and 
  {Kurakami}, T. and {Namikawa}, K. and {Usuda}, T. and {Yamanoi}, H. and 
  {Terai}, T. and {Uekiyo}, H. and {Yamada}, Y. and {Koike}, M. and 
  {Aihara}, H. and {Fujimori}, Y. and {Mineo}, S. and {Miyatake}, H. and 
  {Yasuda}, N. and {Nishizawa}, J. and {Saito}, T. and {Tanaka}, M. and 
  {Uchida}, T. and {Katayama}, N. and {Wang}, S.-Y. and {Chen}, H.-Y. and 
  {Lupton}, R. and {Loomis}, C. and {Bickerton}, S. and {Price}, P. and 
  {Gunn}, J. and {Suzuki}, H. and {Miyazaki}, Y. and {Muramatsu}, M. and 
  {Yamamoto}, K. and {Endo}, M. and {Ezaki}, Y. and {Itoh}, N. and 
  {Miwa}, Y. and {Yokota}, H. and {Matsuda}, T. and {Ebinuma}, R. and 
  {Takeshi}, K.},
    title = "{Hyper Suprime-Cam}",
booktitle = {Society of Photo-Optical Instrumentation Engineers (SPIE) Conference Series},
     year = 2012,
   series = {Society of Photo-Optical Instrumentation Engineers (SPIE) Conference Series},
   volume = 8446,
    month = sep,
      eid = {84460Z},
    pages = {0},
      doi = {10.1117/12.926844},
   adsurl = {http://adsabs.harvard.edu/abs/2012SPIE.8446E..0ZM},
  adsnote = {Provided by the SAO/NASA Astrophysics Data System}
}
%NNNNNNNNNNN
@ARTICLE{noeske2007a,
   author = {{Noeske}, K.~G. and {Weiner}, B.~J. and {Faber}, S.~M. and {Papovich}, C. and 
  {Koo}, D.~C. and {Somerville}, R.~S. and {Bundy}, K. and {Conselice}, C.~J. and 
  {Newman}, J.~A. and {Schiminovich}, D. and {Le Floc'h}, E. and 
  {Coil}, A.~L. and {Rieke}, G.~H. and {Lotz}, J.~M. and {Primack}, J.~R. and 
  {Barmby}, P. and {Cooper}, M.~C. and {Davis}, M. and {Ellis}, R.~S. and 
  {Fazio}, G.~G. and {Guhathakurta}, P. and {Huang}, J. and {Kassin}, S.~A. and 
  {Martin}, D.~C. and {Phillips}, A.~C. and {Rich}, R.~M. and 
  {Small}, T.~A. and {Willmer}, C.~N.~A. and {Wilson}, G.},
    title = "{Star Formation in AEGIS Field Galaxies since z=1.1: The Dominance of Gradually Declining Star Formation, and the Main Sequence of Star-forming Galaxies}",
  journal = {\apjl},
   eprint = {astro-ph/0701924},
 keywords = {Galaxies: Evolution, Galaxies: Formation, Galaxies: High-Redshift, Galaxies: Starburst},
     year = 2007,
    month = may,
   volume = 660,
    pages = {L43-L46},
      doi = {10.1086/517926},
   adsurl = {http://adsabs.harvard.edu/abs/2007ApJ...660L..43N},
  adsnote = {Provided by the SAO/NASA Astrophysics Data System}
}
%RRRRRRRRRRR
@ARTICLE{robotham2014a,
   author = {{Robotham}, A.~S.~G. and {Driver}, S.~P. and {Davies}, L.~J.~M. and 
  {Hopkins}, A.~M. and {Baldry}, I.~K. and {Agius}, N.~K. and 
  {Bauer}, A.~E. and {Bland-Hawthorn}, J. and {Brough}, S. and 
  {Brown}, M.~J.~I. and {Cluver}, M. and {De Propris}, R. and 
  {Drinkwater}, M.~J. and {Holwerda}, B.~W. and {Kelvin}, L.~S. and 
  {Lara-Lopez}, M.~A. and {Liske}, J. and {L{\'o}pez-S{\'a}nchez}, {\'A}.~R. and 
  {Loveday}, J. and {Mahajan}, S. and {McNaught-Roberts}, T. and 
  {Moffett}, A. and {Norberg}, P. and {Obreschkow}, D. and {Owers}, M.~S. and 
  {Penny}, S.~J. and {Pimbblet}, K. and {Prescott}, M. and {Taylor}, E.~N. and 
  {van Kampen}, E. and {Wilkins}, S.~M.},
    title = "{Galaxy And Mass Assembly (GAMA): galaxy close pairs, mergers and the future fate of stellar mass}",
  journal = {\mnras},
archivePrefix = "arXiv",
   eprint = {1408.1476},
 keywords = {galaxies: evolution, galaxies: fundamental parameters, galaxies: interactions, galaxies: kinematics and dynamics, galaxies: luminosity function, mass function, galaxies: stellar content},
     year = 2014,
    month = nov,
   volume = 444,
    pages = {3986-4008},
      doi = {10.1093/mnras/stu1604},
   adsurl = {http://adsabs.harvard.edu/abs/2014MNRAS.444.3986R},
  adsnote = {Provided by the SAO/NASA Astrophysics Data System}
}
%VVVVVVVVVVV
@ARTICLE{van_dokkum2014a,
   author = {{van Dokkum}, P.~G. and {Abraham}, R. and {Merritt}, A.},
    title = "{First Results from the Dragonfly Telephoto Array: The Apparent Lack of a Stellar Halo in the Massive Spiral Galaxy M101}",
  journal = {\apjl},
archivePrefix = "arXiv",
   eprint = {1401.5467},
 keywords = {cosmology: observations, galaxies: evolution, galaxies: halos, Galaxy: halo, Galaxy: structure},
     year = 2014,
    month = feb,
   volume = 782,
      eid = {L24},
    pages = {L24},
      doi = {10.1088/2041-8205/782/2/L24},
   adsurl = {http://adsabs.harvard.edu/abs/2014ApJ...782L..24V},
  adsnote = {Provided by the SAO/NASA Astrophysics Data System}
}
%YYYYYYYYYYY
@ARTICLE{york2000a,
   author = {{York}, D.~G. and {Adelman}, J. and {Anderson}, Jr., J.~E. and 
  {Anderson}, S.~F. and {Annis}, J. and {Bahcall}, N.~A. and {Bakken}, J.~A. and 
  {Barkhouser}, R. and {Bastian}, S. and {Berman}, E. and {Boroski}, W.~N. and 
  {Bracker}, S. and {Briegel}, C. and {Briggs}, J.~W. and {Brinkmann}, J. and 
  {Brunner}, R. and {Burles}, S. and {Carey}, L. and {Carr}, M.~A. and 
  {Castander}, F.~J. and {Chen}, B. and {Colestock}, P.~L. and 
  {Connolly}, A.~J. and {Crocker}, J.~H. and {Csabai}, I. and 
  {Czarapata}, P.~C. and {Davis}, J.~E. and {Doi}, M. and {Dombeck}, T. and 
  {Eisenstein}, D. and {Ellman}, N. and {Elms}, B.~R. and {Evans}, M.~L. and 
  {Fan}, X. and {Federwitz}, G.~R. and {Fiscelli}, L. and {Friedman}, S. and 
  {Frieman}, J.~A. and {Fukugita}, M. and {Gillespie}, B. and 
  {Gunn}, J.~E. and {Gurbani}, V.~K. and {de Haas}, E. and {Haldeman}, M. and 
  {Harris}, F.~H. and {Hayes}, J. and {Heckman}, T.~M. and {Hennessy}, G.~S. and 
  {Hindsley}, R.~B. and {Holm}, S. and {Holmgren}, D.~J. and {Huang}, C.-h. and 
  {Hull}, C. and {Husby}, D. and {Ichikawa}, S.-I. and {Ichikawa}, T. and 
  {Ivezi{\'c}}, {\v Z}. and {Kent}, S. and {Kim}, R.~S.~J. and 
  {Kinney}, E. and {Klaene}, M. and {Kleinman}, A.~N. and {Kleinman}, S. and 
  {Knapp}, G.~R. and {Korienek}, J. and {Kron}, R.~G. and {Kunszt}, P.~Z. and 
  {Lamb}, D.~Q. and {Lee}, B. and {Leger}, R.~F. and {Limmongkol}, S. and 
  {Lindenmeyer}, C. and {Long}, D.~C. and {Loomis}, C. and {Loveday}, J. and 
  {Lucinio}, R. and {Lupton}, R.~H. and {MacKinnon}, B. and {Mannery}, E.~J. and 
  {Mantsch}, P.~M. and {Margon}, B. and {McGehee}, P. and {McKay}, T.~A. and 
  {Meiksin}, A. and {Merelli}, A. and {Monet}, D.~G. and {Munn}, J.~A. and 
  {Narayanan}, V.~K. and {Nash}, T. and {Neilsen}, E. and {Neswold}, R. and 
  {Newberg}, H.~J. and {Nichol}, R.~C. and {Nicinski}, T. and 
  {Nonino}, M. and {Okada}, N. and {Okamura}, S. and {Ostriker}, J.~P. and 
  {Owen}, R. and {Pauls}, A.~G. and {Peoples}, J. and {Peterson}, R.~L. and 
  {Petravick}, D. and {Pier}, J.~R. and {Pope}, A. and {Pordes}, R. and 
  {Prosapio}, A. and {Rechenmacher}, R. and {Quinn}, T.~R. and 
  {Richards}, G.~T. and {Richmond}, M.~W. and {Rivetta}, C.~H. and 
  {Rockosi}, C.~M. and {Ruthmansdorfer}, K. and {Sandford}, D. and 
  {Schlegel}, D.~J. and {Schneider}, D.~P. and {Sekiguchi}, M. and 
  {Sergey}, G. and {Shimasaku}, K. and {Siegmund}, W.~A. and {Smee}, S. and 
  {Smith}, J.~A. and {Snedden}, S. and {Stone}, R. and {Stoughton}, C. and 
  {Strauss}, M.~A. and {Stubbs}, C. and {SubbaRao}, M. and {Szalay}, A.~S. and 
  {Szapudi}, I. and {Szokoly}, G.~P. and {Thakar}, A.~R. and {Tremonti}, C. and 
  {Tucker}, D.~L. and {Uomoto}, A. and {Vanden Berk}, D. and {Vogeley}, M.~S. and 
  {Waddell}, P. and {Wang}, S.-i. and {Watanabe}, M. and {Weinberg}, D.~H. and 
  {Yanny}, B. and {Yasuda}, N. and {SDSS Collaboration}},
    title = "{The Sloan Digital Sky Survey: Technical Summary}",
  journal = {\aj},
   eprint = {astro-ph/0006396},
 keywords = {Cosmology: Observations, Instrumentation: Miscellaneous},
     year = 2000,
    month = sep,
   volume = 120,
    pages = {1579-1587},
      doi = {10.1086/301513},
   adsurl = {http://adsabs.harvard.edu/abs/2000AJ....120.1579Y},
  adsnote = {Provided by the SAO/NASA Astrophysics Data System}
}

